00100000         2123456789012340012345670014       1234580000000123456 EMPRESA FANTASIA              BANCO DO BRASIL                         21804201602334100080903000000504270412PROCESSAMEN                                                 
00100011T0100020 20123456789012340012345670014       1234580000000123456 EMPRESA FANTASIA                                                                                              000000001804201600000000  000000000                      
0010001300001T 021234580000000123456 12345670000000994   70994           18042016000000000000200001123458                         0900000000000010500000000000000000000000000000000000000   0000000000000000000000700A9A4      170191234567     
0010001300002U 020000000000000000000000000000000000000000000000000000000000000000000000000000000000000000000000000000000000000000000000001804201600000000            000000000000000                              000                           
0010001300003T 171234580000000123456 12345670000000746   7               00000000000000000047777001123458                         0900000000000010000000000000000000000000000000000000000   000000000000000000000070003        170191234567     
0010001300004U 170000000000010990000000000000000000000000000000000000000000000000000000488760000000000481760000000000000000000000000000001804201620042016            000000000000000                              000                           
0010001300005T 171234580000000123456 12345670000000784   7               00000000000000000032778001006211                         0900000000000010000000000000000000000000000000000000000   000000000000000000000070003        170191234567     
0010001300006U 170000000000004580000000000000000000000000000000000000000000000000000000332360000000000325360000000000000000000000000000001804201620042016            000000000000000                              000                           
0010001300007T 171234580000000123456 12345670000000946   7               00000000000000000025000104009140                         0900000000000010000000000000000000000000000000000000000   000000000000000000000070003        170191234567     
0010001300008U 170000000000000000000000000000000000000000000000000000000000000000000000250000000000000243000000000000000000000000000000001804201620042016            000000000000000                              000                           
0010001300009T 171234580000000123456 12345670000000963   7               00000000000000000175560001123458                         0900000000000010000000000000000000000000000000000000000   000000000000000000000070003        170191234567     
0010001300010U 170000000000000000000000000000000000000000000000000000000000000000000001755600000000001748600000000000000000000000000000001804201620042016            000000000000000                              000                           
0010001300011T 171234580000000123456 12345670000000992   7               00000000000000000237816001123458                         0900000000000010000000000000000000000000000000000000000   000000000000000000000070003        170191234567     
0010001300012U 170000000000000000000000000000000000000000000000000000000000000000000002378160000000002371160000000000000000000000000000001804201620042016            000000000000000                              000                           
0010001300013T 061234580000000123456 12345670000000994   70994           18042016000000000000200001008702                         0900000000000010000000000000000000000000000000000000000   000000000000000000000070000        170191234567     
0010001300014U 060000000000000000000000000000000000000000000000000000000000000000000000002000000000000000000000000000000000000000000000001804201620042016            000000000000000                              000                           
00100015         000016000000000000000000000000000000000000000000000000000000000000000000000000000000000000000000000000000000000000000000000000000                                                                                              
00199999         000001000018000000                                                                                                                                                            00000000000000000000000000000                    
